@InProceedings{Alejo2013,
    author="Alejo, R. and Antonio, J. A. and Valdovinos, R. M. and Pacheco-S{\'a}nchez, J. H.", 
    editor="Carrasco-Ochoa, Jes{\'u}s Ariel
    and Mart{\'i}nez-Trinidad, Jos{\'e} Francisco
    and Rodr{\'i}guez, Joaqu{\'i}n Salas
    and di Baja, Gabriella Sanniti",
    title="Assessments Metrics for Multi-class Imbalance Learning: A Preliminary Study",
    booktitle="Pattern Recognition",
    publisher="Springer Berlin Heidelberg",
    address="Berlin, Heidelberg",
    pages="335--343",
    year="2013",
}


@inproceedings{Amara2017,
    author = {Amara, Jihen and Bouaziz, Bassem and Algergawy, Alsayed},
    booktitle = {Lecture Notes in Informatics (LNI), Proceedings - Series of the Gesellschaft fur Informatik (GI)},
    isbn = {9783885796602},
    issn = {16175468},
    keywords = {Banana plant diseases,Classification,Deep learning},
    title = {{A deep learning-based approach for banana leaf diseases classification}},
    year = {2017}
}


@INPROCEEDINGS{Campanile19,
    author={G. {Campanile} and C. {Di Ruberto} and A. {Loddo}},
    booktitle={2019 IEEE 28th International Conference on Enabling Technologies: Infrastructure for Collaborative Enterprises (WETICE)}, 
    title={An Open Source Plugin for Image Analysis in Biology}, 
    year={2019},
    volume={},
    number={},
    pages={162-167}
}



@INPROCEEDINGS{DiRub2014,  
    author={C. {Di Ruberto} and L. {Putzu}},  
    booktitle={2014 International Conference on Computer Vision Theory and Applications (VISAPP)},   
    title={A fast leaf recognition algorithm based on SVM classifier and high dimensional feature vector},   year={2014}, 
    volume={1},  
    number={}, 
    pages={601-609},  
    doi={}
}

@article{Dubey,
    author = {S.R. Dubey  and S.K. Singh and R.K. Singh},
    title = {Local diagonal extrema pattern: a new andefficient feature descriptor for CT image retrieval},
    journal = {IEEE Signal Process Lett.},
    volume = {22},
    pages = {1215–1219},
    year  = {2015},
    }

@article{Gulzar2020,
    author = {Yonis Gulzar and Yasir Hamid and Arjumand Bano Soomro and Ali A. Alwan and Ludovic Journaux},
    title = {A convolution neural network-based seed classification system},
    journal = {Symmetry},
    volume = {12},
    pages = {1-18},
    year  = {2020},
    publisher = {MDPI},
}


@article{Frigau2019,
    author = {Luca Frigau and Jaromır Antoch and Gianluigi Bacchetta and Marco Sarigu and Mariano Ucchesu and Charline Zaratin Alves and Francesco Mola},
    title = {A statistical approach to the morphological classification of Prunus sp. seeds},
    journal = {Plant Biosystems - An International Journal Dealing with all Aspects of Plant Biology},
    volume = {154},
    number = {6},
    pages = {877-886},
    year  = {2020},
    publisher = {Taylor & Francis},
}


@INPROCEEDINGS{Hall2015,
    author={D. {Hall} and C. {McCool} and F. {Dayoub} and N. {Sunderhauf} and B. {Upcroft}},
    booktitle={2015 IEEE Winter Conference on Applications of Computer Vision}, 
    title={Evaluation of Features for Leaf Classification in Challenging Conditions}, 
    year={2015},
    volume={},
    number={},
    pages={797-804}
}

@ARTICLE{Haralick73,
    author={R. M. {Haralick} and K. {Shanmugam} and I. {Dinstein}},
    journal={IEEE Transactions on Systems, Man, and Cybernetics}, 
    title={Textural Features for Image Classification}, year={1973},
    volume={SMC-3},
    number={6},
    pages={610-621}
}


@ARTICLE{Kussul2017,
    author={N. {Kussul} and M. {Lavreniuk} and S. {Skakun} and A. {Shelestov}},
    journal={IEEE Geoscience and Remote Sensing Letters}, 
    title={Deep Learning Classification of Land Cover and Crop Types Using Remote Sensing Data}, 
    year={2017},
    volume={14},
    number={5},
    pages={778-782}
}


@incollection{Lind2012,
    title = "Open source software for image processing and analysis: picture this with ImageJ",
    editor = "Lee Harland and Mark Forster",
    booktitle = "Open Source Software in Life Science Research",
    publisher = "Woodhead Publishing",
    pages = "131 - 149",
    year = "2012",
    series = "Woodhead Publishing Series in Biomedicine",
    isbn = "978-1-907568-97-8",
    author = "Rob Lind",
    keywords = "image analysis processing, ImageJ"
}


@article{LoBianco2015,
    title={Characterisation of Italian bean landraces ('Phaseolus vulgaris' L.) using seed image analysis and texture descriptors},
    author={Lo Bianco, M. and Grillo, O. and  Cremonini, R. and Sarigu, M. and Venora, G.},
    journal={Australian Journal of Crop Science},
    year={2015},
    volume={9},
    pages={1022-1034}
}


@article{LoBianco2017a,
    author = {Lo Bianco, M. and Grillo, O. and Cañadas, E. and Venora, G. and Bacchetta, G.},
    title = {Inter- and intraspecific diversity in Cistus L. (Cistaceae) seeds, analysed with computer vision techniques},
    journal = {Plant Biology},
    volume = {19},
    number = {2},
    pages = {183-190},
    year = {2017},
}


@article{LoBianco2017b,
    author = {Lo Bianco, M. and Grillo, O. and Escobar Garcia, P. and Mascia, F. and Venora, G. and Bacchetta, G.},
    title = {Morpho-colorimetric characterisation of Malva alliance taxa by seed image analysis},
    journal = {Plant Biology},
    volume = {19},
    number = {1},
    pages = {90-98},
    year = {2017},
}


@ARTICLE{Moha2016,
    AUTHOR={Mohanty, Sharada P. and Hughes, David P. and Salathé, Marcel},   
    TITLE={Using Deep Learning for Image-Based Plant Disease Detection},      
	JOURNAL={Frontiers in Plant Science},      
	VOLUME={7},      
    PAGES={1419},     
	YEAR={2016},      
	ISSN={1664-462X}
}


@article{Mort2016,
    author = {{Krogh Mortensen}, Anders and Dyrmann, Mads and Karstoft, Henrik and {Nyholm J{\o}rgensen}, Rasmus and Gislum, Ren{\'{e}}},
    journal = {CIGR-AgEng conference },
    keywords = {computer vision,deep learning,pixel-wise classification},
    title = {{Semantic Segmentation of Mixed Crops using Deep Convolutional Neural Network}},
    year = {2016}
}


@article{Orru2012,
    title = "Computer vision as a method complementary to molecular analysis: Grapevine cultivar seeds case study",
    journal = "Comptes Rendus Biologies",
    volume = "335",
    number = "9",
    pages = "602 - 615",
    year = "2012",
    author = "Martino Orrù and Oscar Grillo and Gianfranco Venora and Gianluigi Bacchetta"
}

@article{Przybylo19,
    title = "Using Deep Convolutional Neural Network for oak acorn viability recognition based on color images of their sections",
    author = "Jaromir Przybylo and Miroslaw Jablonski",
    journal = "Computers and Electronics in Agriculture",
    volume = "156",
    pages = "490 - 499",
    year = "2019",
}

@InProceedings{Put2016,
    author="Putzu, Lorenzo and Di Ruberto, Cecilia and Fenu, Gianni",
    editor="Blanc-Talon, Jacques and Distante, Cosimo and Philips, Wilfried and Popescu, Dan and Scheunders, Paul",
    title="A Mobile Application for Leaf Detection in Complex Background Using Saliency Maps",
    booktitle="Advanced Concepts for Intelligent Vision Systems", 
    year="2016",
    publisher="Springer International Publishing",
    address="Cham",
    pages="570--581",
}


@article{Rebe2016,
      author = {Rebetez, Julien and Satiz{\'{a}}bal, H{\'{e}}ctor F. and Mota,  Matteo and Noll, Dorothea and B{\"{u}}chi, Lucie and Wendling,  Marina and Cannelle, Bertrand and Perez-Uribe, Andres and  Burgos, St{\'{e}}phane},
      journal = {Proceedings of ESANN 2016, European Symposium on artifical  neural networks, Computational Intelligence and Machine  Learning, 27-29 April 2016, Bruges, Belgium},
      title = {Augmenting a convolutional neural network with local  histograms : a case study in crop classification from  high-resolution UAV imagery},
      publisher = {27-29 April 2016},
      recid = {4838},
      pages = {6 p.},
      address = {Bruges, Belgium. 2016-04},
      year = {2016},
}

@article{Remeseiro2021,
  title={Automatic classification of retinal blood vessels based on multilevel thresholding and graph propagation},
  author={Remeseiro, Beatriz and Mendon{\c{c}}a, Ana Maria and Campilho, Aur{\'e}lio},
  journal={The Visual Computer},
  volume={37},
  number={6},
  pages={1247--1261},
  year={2021},
  publisher={Springer}
}


@article{Slado2016,
    author = {Sladojevic, Srdjan and Arsenovic, Marko and Anderla, Andras and Culibrk, Dubravko and Stefanovic, Darko},
    journal = {Computational Intelligence and Neuroscience},
    pmid = {27418923},
    title = {{Deep Neural Networks Based Recognition of Plant Diseases by Leaf Image Classification}},
    year = {2016}
}


@article{Ucc2015,
    author = {Ucchesu, Mariano and Orr{\`{u}}, Martino and Grillo, Oscar and Venora, Gianfranco and Usai, Alessandro and Serreli, Pietro Francesco and Bacchetta, Gianluigi},
    journal = {Vegetation History and Archaeobotany},
    title = {{Earliest evidence of a primitive cultivar of Vitis vinifera L. during the Bronze Age in Sardinia (Italy)}},
    year = {2015},
    volume={24}, 
	number={5}, 
	pages={587-600},
}


@article{Ucc2016,
    author = {Ucchesu, Mariano and Orr{\`{u}}, Martino and Grillo, Oscar and Venora, Gianfranco and Paglietti, Giacomo and Ardu, Andrea and Bacchetta, Gianluigi},
    journal = {PLoS ONE},
    pmid = {26901361},
    title = {Predictive method for correct identification of archaeological charred grape seeds: Support for advances in knowledge of grape domestication process},
    year = {2016},
    volume={11},
    number={2},
    }

@article{Weka,
	author = {Mark Hall and Eibe Frank and Geoffrey Holmes and Bernhard Pfahringer and Peter Reutemann and Ian H. Witten},
	title = {The {WEKA} data mining software: an update},
	journal = {SIGKDD Explorations},
	volume = 11,
	number = 1,
	year = 2009,
	pages = {10-18},
}


@misc{Canada3,
    howpublished = {\url{https://www.inspection.gc.ca}},
    note = {Online; accessed 01 July 2020},
    year = {2020},
}


@misc{ImageJ,
    author = {ImageJ},
    howpublished = {\url{https://imagej.net/ImageJ}},
    note = {Online; accessed 7 July 2021},
    year = {2021},
}


@misc{Loddo20,
      title={A new automatic approach to seed image analysis: From acquisition to segmentation}, 
      author={A. M. P. G. Vale and M. Ucchesu and C. Di Ruberto and A. Loddo and J. M. Soares and G. Bacchetta},
      year={2020},
      eprint={2012.06414},
      archivePrefix={arXiv},
      primaryClass={cs.CV}
}

@InProceedings{Dirub2015,
    author="Di Ruberto, Cecilia
    and Fodde, Giuseppe
    and Putzu, Lorenzo",
    editor="Nalpantidis, Lazaros
    and Kr{\"u}ger, Volker
    and Eklundh, Jan-Olof
    and Gasteratos, Antonios",
    title="Comparison of Statistical Features for Medical Colour Image Classification",
    booktitle="Computer Vision Systems",
    year="2015",
    publisher="Springer International Publishing",
    address="Cham",
    pages="3--13",
}

@article{Dirub2020,
    title = {Detection of red and white blood cells from microscopic blood images using a region proposal approach},
    journal = {Computers in Biology and Medicine},
    volume = {116},
    pages = {103530},
    year = {2020},
    issn = {0010-4825},
    author = {Cecilia {Di Ruberto} and Andrea Loddo and Lorenzo Putzu},
    }

@book{Gonz2018,
    title = {Digital Image Processing},
    publisher="Pearson",
    year = {2018},
    author = {R.G. Gonzales and R.E. Woods},
}

@article{Dirub_2009,
    author = {Di Ruberto, Cecilia and Cinque, Luigi},
    title = {Decomposition of Two-Dimensional Shapes for Efficient Retrieval},
    year = {2009},
    issue_date = {July, 2009},
    publisher = {Butterworth-Heinemann},
    address = {USA},
    volume = {27},
    number = {8},
    journal = {Image Vision Comput.},
    month = jul,
    pages = {1097–1107},
    numpages = {11},
}

  
@InProceedings{Landini,
    author="Landini, G.",
    title="Advanced shape analysis with ImageJ",
    year="2008",
    booktitle="2th ImageJ user and developer Conference,
    7-8 November 2008, Luxembourg",
    pages="6--7",

}  


@article{Junos2021,
    title={Automatic detection of oil palm fruits from UAV images using an improved YOLO model},
    author={Junos, Mohamad Haniff and Khairuddin, Anis Salwa Mohd and Thannirmalai, Subbiah and Dahari, Mahidzal},
    journal={The Visual Computer},
    pages={1--15},
    year={2021},
    publisher={Springer}
}

@article{Gajjar2021,
    title={Real-time detection and identification of plant leaf diseases using convolutional neural networks on an embedded platform},
    author={Gajjar, Ruchi and Gajjar, Nagendra and Thakor, Vaibhavkumar Jigneshkumar and Patel, Nikhilkumar Pareshbhai and Ruparelia, Stavan},
    journal={The Visual Computer},
    pages={1--16},
    year={2021},
    publisher={Springer}
}

@article{Kamilaris,
    title = "Deep learning in agriculture: A survey",
    journal = "Computers and Electronics in Agriculture",
    volume = "147",
    pages = "70 - 90",
    year = "2018",
    issn = "0168-1699",
    author = "Andreas Kamilaris and Francesc X. Prenafeta-Boldú"
}

@article{Zhang2019,
    title={Example-based rapid generation of vegetation on terrain via CNN-based distribution learning},
    author={Zhang, Jian and Wang, Changbo and Li, Chen and Qin, Hong},
    journal={The Visual Computer},
    volume={35},
    number={6},
    pages={1181--1191},
    year={2019},
    publisher={Springer}
}

@article{Ahmad2021,
    title={Transfer learning-assisted multi-resolution breast cancer histopathological images classification},
    author={Ahmad, Nouman and Asghar, Sohail and Gillani, Saira Andleeb},
    journal={The Visual Computer},
    pages={1--20},
    year={2021},
    publisher={Springer}
}

@article{hu2017data,
    title={Data-driven modeling and animation of outdoor trees through interactive approach},
    author={Hu, Shaojun and Zhang, Zhiyi and Xie, Haoran and Igarashi, Takeo},
    journal={The Visual Computer},
    volume={33},
    number={6},
    pages={1017--1027},
    year={2017},
    publisher={Springer}
}

@article{bohl2015modeling,
    title={Modeling fruits and their internal structure using parametric 3Gmap L-systems},
    author={Bohl, Evans and Terraz, Olivier and Ghazanfarpour, Djamchid},
    journal={The Visual Computer},
    volume={31},
    number={6},
    pages={819--829},
    year={2015},
    publisher={Springer}
}

@inproceedings{Krizhevsky2012,
    author    = {Alex Krizhevsky and
               Ilya Sutskever and
               Geoffrey E. Hinton},
    editor    = {Peter L. Bartlett and
               Fernando C. N. Pereira and
               Christopher J. C. Burges and
               L{\'{e}}on Bottou and
               Kilian Q. Weinberger},
    title     = {ImageNet Classification with Deep Convolutional Neural Networks},
    booktitle = {Advances in Neural Information Processing Systems 25: 26th Annual
               Conference on Neural Information Processing Systems 2012. Proceedings
               of a meeting held December 3-6, 2012, Lake Tahoe, Nevada, United States},
    pages     = {1106--1114},
    year      = {2012}
}


@inproceedings{Put16,
    author    = {Lorenzo Putzu and
               Cecilia Di Ruberto and
               Gianni Fenu},
    editor    = {Jacques Blanc{-}Talon and
               Cosimo Distante and
               Wilfried Philips and
               Dan C. Popescu and
               Paul Scheunders},
    title     = {A Mobile Application for Leaf Detection in Complex Background Using
               Saliency Maps},
    booktitle = {Advanced Concepts for Intelligent Vision Systems - 17th International
               Conference, {ACIVS} 2016, Lecce, Italy, October 24-27, 2016, Proceedings},
    series    = {Lecture Notes in Computer Science},
    volume    = {10016},
    pages     = {570--581},
    year      = {2016}
}

@article{Piras2016,
    title = {Effectiveness of a computer vision technique in the characterization of wild and farmed olives},
    journal = {Computers and Electronics in Agriculture},
    volume = {122},
    pages = {86-93},
    year = {2016},
    issn = {0168-1699},
    author = {Fabio Piras and Oscar Grillo and Gianfranco Venora and Gianni Lovicu and Marco Campus and Gianluigi Bacchetta}
}

@article{Sarigu2017,
    author    = {Marco Sarigu and
               Oscar Grillo and
               Marisol Lo Bianco and
               Mariano Ucchesu and
               Guy d'Hallewin and
               Maria Cecilia Loi and
               Gianfranco Venora and
               Gianluigi Bacchetta},
    title     = {Phenotypic identification of plum varieties (Prunus domestica {L.)}
               by endocarps morpho-colorimetric and textural descriptors},
    journal   = {Comput. Electron. Agric.},
    volume    = {136},
    pages     = {25--30},
    year      = {2017}
}

@article{Sau2018,
  author    = {Silvia Sau and
               Mariano Ucchesu and
               Luca Dondini and
               Paolo De Franceschi and
               Guy d'Hallewin and
               Gianluigi Bacchetta},
  title     = {Seed morphometry is suitable for apple-germplasm diversity-analyses},
  journal   = {Comput. Electron. Agric.},
  volume    = {151},
  pages     = {118--125},
  year      = {2018}
}

@article{Sau2019,
  author    = {Silvia Sau and
               Mariano Ucchesu and
               Guy d'Hallewin and
               Gianluigi Bacchetta},
  title     = {Potential use of seed morpho-colourimetric analysis for Sardinian
               apple cultivar characterisation},
  journal   = {Comput. Electron. Agric.},
  volume    = {162},
  pages     = {373--379},
  year      = {2019}
}

@article{Bacchetta2011a,
    title = {Seed image analysis provides evidence of taxonomical differentiation within the Lavatera triloba aggregate (Malvaceae)},
    journal = {Flora - Morphology, Distribution, Functional Ecology of Plants},
    volume = {206},
    number = {5},
    pages = {468-472},
    year = {2011},
    issn = {0367-2530},
    author = {Gianluigi Bacchetta and Pedro Escobar García and Oscar Grillo and Francesco Mascia and Gianfranco Venora}
}

@article{Orru2013,
    title={Morphological characterisation of Vitis vinifera L. seeds by image analysis and comparison with archaeological remains},
    author={Orr{\`u}, Martino and Grillo, Oscar and Lovicu, Gianni and Venora, Gianfranco and Bacchetta, Gianluigi},
    journal={Vegetation History and Archaeobotany},
    volume={22},
    number={3},
    pages={231--242},
    year={2013},
    publisher={Springer}
}

@article{Sabato2015,
    title={Seeds morpho-colourimetric analysis as complementary method to molecular characterization of melon diversity},
    author={Sabato, Diego and Esteras, Cristina and Grillo, Oscar and Pic{\'o}, Bel{\'e}n and Bacchetta, Gianluigi},
    journal={Scientia Horticulturae},
    volume={192},
    pages={441--452},
    year={2015},
    publisher={Elsevier}
}


@article{Ucc2017,
    title={First finds of Prunus domestica L. in Italy from the Phoenician and Punic periods (6th--2nd centuries bc)},
    author={Ucchesu, Mariano and Sarigu, Marco and Del Vais, Carla and Sanna, Ignazio and d’Hallewin, Guy and Grillo, Oscar and Bacchetta, Gianluigi},
    journal={Vegetation History and Archaeobotany},
    volume={26},
    number={5},
    pages={539--549},
    year={2017},
    publisher={Springer}
}

@article{Terral2010,
    title={Evolution and history of grapevine (Vitis vinifera) under domestication: new morphometric perspectives to understand seed domestication syndrome and reveal origins of ancient European cultivars},
    author={Terral, Jean-Fr{\'e}d{\'e}ric and Tabard, Elidie and Bouby, Laurent and Ivorra, Sarah and Pastor, Thierry and Figueiral, Isabel and Picq, Sandrine and Chevance, Jean-Baptiste and Jung, C{\'e}cile and Fabre, Laurent and others},
    journal={Annals of botany},
    volume={105},
    number={3},
    pages={443--455},
    year={2010},
    publisher={Oxford University Press}
}

@article{Bouby2013,
    title={Bioarchaeological insights into the process of domestication of grapevine (Vitis vinifera L.) during Roman times in Southern France},
    author={Bouby, Laurent and Figueiral, Isabel and Bouchette, Anne and Rovira, Nuria and Ivorra, Sarah and Lacombe, Thierry and Pastor, Thierry and Picq, Sandrine and Marinval, Philippe and Terral, Jean-Fr{\'e}d{\'e}ric},
    journal={PLoS One},
    volume={8},
    number={5},
    pages={e63195},
    year={2013},
    publisher={Public Library of Science San Francisco, USA}
}

@article{Loddo2021,
	title = {A novel deep learning based approach for seed image classification and retrieval},
	journal = {Computers and Electronics in Agriculture},
	volume = {187},
	pages = {106269},
	year = {2021},
	issn = {0168-1699},
	author = {Andrea Loddo and Mauro Loddo and Cecilia {Di Ruberto}}
}

@article{Zhu2021,
	title = {Recognition of carrot appearance quality based on deep feature and support vector machine},
	journal = {Computers and Electronics in Agriculture},
	volume = {186},
	pages = {106185},
	year = {2021},
	issn = {0168-1699},
	author = {Hongfei Zhu and Lianhe Yang and Jianwu Fei and Longgang Zhao and Zhongzhi Han}
}


@article{peng2015linear,
    title={Linear discriminant multi-set canonical correlations analysis (LDMCCA): an efficient approach for feature fusion of finger biometrics},
    author={Peng, Jialiang and Li, Qiong and Abd El-Latif, Ahmed A and Niu, Xiamu},
    journal={Multimedia Tools and Applications},
    volume={74},
    number={13},
    pages={4469--4486},
    year={2015},
    publisher={Springer}
}

@article{jing2014saliency,
    title={Saliency detection based on integrated features},
    author={Jing, Huiyun and He, Xin and Han, Qi and Abd El-Latif, Ahmed A and Niu, Xiamu},
    journal={Neurocomputing},
    volume={129},
    pages={114--121},
    year={2014},
    publisher={Elsevier}
}

@inproceedings{gad2019iot,
    title={IoT security based on iris verification using multi-algorithm feature level fusion scheme},
    author={Gad, Ramadan and Abd El-Latif, Ahmed A and Elseuofi, Sherif and Ibrahim, Hany M and Elmezain, Mahmoud and Said, Wael},
    booktitle={2019 2nd international conference on computer applications \& information security (ICCAIS)},
    pages={1--6},
    year={2019},
    organization={IEEE}
}


